@article{shi2019early,
  title={Early Anomaly Detection in Power Systems Based on Random Matrix Theory},
  author={Shi, Xin and Qiu, Robert},
  journal={arXiv preprint arXiv:1907.10485},
  year={2019}
}

@article{he2015big,
  title={A big data architecture design for smart grids based on random matrix theory},
  author={He, Xing and Ai, Qian and Qiu, Robert Caiming and Huang, Wentao and Piao, Longjian and Liu, Haichun},
  journal={IEEE transactions on smart Grid},
  volume={8},
  number={2},
  pages={674--686},
  year={2015},
  publisher={IEEE}
}

@article{vorobev2019deadbands,
  title={Deadbands, droop, and inertia impact on power system frequency distribution},
  author={Vorobev, Petr and Greenwood, David M and Bell, John H and Bialek, Janusz W and Taylor, Philip C and Turitsyn, Konstantin},
  journal={IEEE Transactions on Power Systems},
  volume={34},
  number={4},
  pages={3098--3108},
  year={2019},
  publisher={IEEE}
}

@article{chevalier2018using,
  title={Using effective generator impedance for forced oscillation source location},
  author={Chevalier, Samuel C and Vorobev, Petr and Turitsyn, Konstantin},
  journal={IEEE Transactions on Power Systems},
  volume={33},
  number={6},
  pages={6264--6277},
  year={2018},
  publisher={IEEE}
}

@article{banna2019data,
  title={Data-driven disturbance source identification for power system oscillations using credibility search ensemble learning},
  author={Banna, Hasan Ul and Solanki, Sarika Khushalani and Solanki, Jignesh},
  journal={IET Smart Grid},
  volume={2},
  number={2},
  pages={293--300},
  year={2019},
  publisher={IET}
}

@article{ren2015early,
  title={Early warning signals for critical transitions in power systems},
  author={Ren, Hui and Watts, David},
  journal={Electric power systems research},
  volume={124},
  pages={173--180},
  year={2015},
  publisher={Elsevier}
}

@article{chu2017complex,
  title={Complex networks theory for modern smart grid applications: A survey},
  author={Chu, Chia-Chi and Iu, Herbert Ho-Ching},
  journal={IEEE Journal on Emerging and Selected Topics in Circuits and Systems},
  volume={7},
  number={2},
  pages={177--191},
  year={2017},
  publisher={IEEE}
}

@article{jiang2016novel,
  title={A novel dominant mode estimation method for analyzing inter-area oscillation in China southern power grid},
  author={Jiang, Tao and Mu, Yunfei and Jia, Hongjie and Lu, Ning and Yuan, Haoyu and Yan, Jiahong and Li, Weifeng},
  journal={IEEE Transactions on Smart Grid},
  volume={7},
  number={5},
  pages={2549--2560},
  year={2016},
  publisher={IEEE}
}

@article{he2016designing,
  title={Designing for situation awareness of future power grids: An indicator system based on linear eigenvalue statistics of large random matrices},
  author={He, Xing and Qiu, Robert Caiming and Ai, Qian and Chu, Lei and Xu, Xinyi and Ling, Zenan},
  journal={IEEE Access},
  volume={4},
  pages={3557--3568},
  year={2016},
  publisher={IEEE}
}

@article{vanfretti2020decision,
title = {Decision tree-based classification of multiple operating conditions for power system voltage stability assessment},
journal = {International Journal of Electrical Power \& Energy Systems},
volume = {123},
pages = {106251},
year = {2020},
issn = {0142-0615},
doi = {https://doi.org/10.1016/j.ijepes.2020.106251},
url = {http://www.sciencedirect.com/science/article/pii/S0142061519334775},
author = {Luigi Vanfretti and V.S. Narasimham Arava},
keywords = {Voltage stability assessment, Decision tree, Optimal power flow, Saddle node bifurcation, Machine Learning},
}

@article{meegahapola2020review,
  author={L. G. {Meegahapola} and S. {Bu} and D. P. {Wadduwage} and C. Y. {Chung} and X. {Yu}},
  journal={IEEE Transactions on Industrial Electronics}, 
  title={Review on Oscillatory Stability in Power Grids with Renewable Energy Sources: Monitoring, Analysis, and Control using Synchrophasor Technology}, 
  year={2020},
  volume={},
  number={},
  pages={1-1},}

@article{yan2018anatomy,
  title={The anatomy of the 2016 South Australia blackout: a catastrophic event in a high renewable network},
  author={Yan, Ruifeng and Saha, Tapan Kumar and Bai, Feifei and Gu, Huajie and others},
  journal={IEEE Transactions on Power Systems},
  volume={33},
  number={5},
  pages={5374--5388},
  year={2018},
  publisher={IEEE}
}

@article{hatziargyriou2020stability,
  title={Stability definitions and characterization of dynamic behavior in systems with high penetration of power electronic interfaced technologies},
  author={Hatziargyriou, Nikos and Milanovi{\'c}, Jovica and Rahmann, Claudia and Ajjarapu, Venkataramana and Ca{\~n}izares, Claudio and Erlich, Istvan and Hill, David and Hiskens, Ian and Kamwa, Innocent and Pal, Bikash and others},
  year={2020},
  publisher={IEEE}
}

@article{ghanavati2016identifying,
  title={Identifying useful statistical indicators of proximity to instability in stochastic power systems},
  author={Ghanavati, Goodarz and Hines, Paul DH and Lakoba, Taras I},
  journal={IEEE Transactions on Power Systems},
  volume={31},
  number={2},
  pages={1360--1368},
  year={2016},
  publisher={IEEE}
}

@article{gu2019review,
  title={Review of system strength and inertia requirements for the national electricity market of Australia},
  author={Gu, Huajie and Yan, Ruifeng and Saha, Tapan},
  journal={CSEE Journal of Power and Energy Systems},
  volume={5},
  number={3},
  pages={295--305},
  year={2019},
  publisher={CSEE}
}

@article{einstein1935can,
  title={Can quantum-mechanical description of physical reality be considered complete?},
  author={Einstein, Albert and Podolsky, Boris and Rosen, Nathan},
  journal={Physical review},
  volume={47},
  number={10},
  pages={777},
  year={1935},
  publisher={APS}
}
